<record><leader>00000cas a22000007a 4500</leader><controlfield tag="001">11353825</controlfield><controlfield tag="008">841106d18721874ksuwr ne      0   a0eng d</controlfield><controlfield tag="009">3781</controlfield><datafield ind1=" " ind2=" " tag="010"><subfield code="a">sn 84027628 </subfield></datafield><datafield ind1=" " ind2=" " tag="040"><subfield code="a">NPU</subfield><subfield code="b">eng</subfield><subfield code="c">NPU</subfield><subfield code="d">NPT</subfield><subfield code="d">DLC</subfield></datafield><datafield ind1="1" ind2=" " tag="029"><subfield code="a">AU@</subfield><subfield code="b">000025789929</subfield></datafield><datafield ind1=" " ind2=" " tag="042"><subfield code="a">msc</subfield></datafield><datafield ind1="0" ind2="0" tag="050"><subfield code="a">Newspaper 7815</subfield></datafield><datafield ind1="0" ind2="0" tag="245"><subfield code="a">Holton express.</subfield></datafield><datafield ind1="0" ind2="3" tag="246"><subfield code="a">Daily Holton express</subfield><subfield code="f">Sept. 30-Oct 2, 1873</subfield></datafield><datafield ind1="0" ind2="3" tag="246"><subfield code="a">Express</subfield><subfield code="f">July 4, 1873-Jan. 30, 1874</subfield></datafield><datafield ind1=" " ind2=" " tag="260"><subfield code="a">Holton, Kan. :</subfield><subfield code="b">F.A. Root,</subfield><subfield code="c">1872-1874.</subfield></datafield><datafield ind1=" " ind2=" " tag="300"><subfield code="a">2 v. ;</subfield><subfield code="c">58 cm.</subfield></datafield><datafield ind1=" " ind2=" " tag="310"><subfield code="a">Weekly</subfield></datafield><datafield ind1="0" ind2=" " tag="362"><subfield code="a">Vol. 1, no. 1 (Apr. 12, 1872)-v. 2, no. 43 (Jan. 30, 1874).</subfield></datafield><datafield ind1=" " ind2=" " tag="500"><subfield code="a">Published daily during the fair as: Daily Holton express, Sept. 30-Oct. 2, 1873.</subfield></datafield><datafield ind1=" " ind2=" " tag="500"><subfield code="a">Published every Friday.</subfield></datafield><datafield ind1=" " ind2=" " tag="500"><subfield code="a">"Republican."</subfield></datafield><datafield ind1=" " ind2=" " tag="500"><subfield code="a">"Official paper of city and county."</subfield></datafield><datafield ind1=" " ind2=" " tag="752"><subfield code="a">United States</subfield><subfield code="b">Kansas</subfield><subfield code="c">Jackson</subfield><subfield code="d">Holton.</subfield></datafield><datafield ind1="0" ind2="7" tag="785"><subfield code="t">Holton news</subfield><subfield code="w">(DLC)sn 84027597</subfield></datafield><datafield ind1="0" ind2="7" tag="785"><subfield code="t">Holton express and Jackson County news</subfield><subfield code="w">(DLC)sn 82014458</subfield></datafield></record>